3459 5092
851 1030 870 1095 5

361 1180 446 1241 Ante
460 1180 558 1243 velim
572 1180 711 1244 flammis
724 1183 809 1244 tradi
824 1180 980 1261 malisque
994 1182 1131 1243 ferarum

361 1286 563 1347 membratim
579 1286 715 1362 absumi,
730 1288 804 1350 talis
818 1308 915 1367 quam
930 1286 1036 1349 flebile
1050 1286 1184 1348 monstri

270 1470 274 1479 .
359 1389 531 1452 ludibrium
546 1393 648 1472 linqui
662 1413 802 1455 vaesano
816 1402 848 1455 et
862 1393 982 1471 praeda
996 1391 1103 1454 furori.
1180 1418 1181 1421 ¹

400 1496 474 1575 Quo
488 1498 637 1559 lacrimas
650 1499 728 1559 leti?
751 1519 810 1560 nec
823 1518 883 1560 vos
896 1498 1005 1578 lugere
1018 1497 1168 1559 decorum
1183 1504 1232 1558 est

359 1621 419 1663 nec
433 1623 485 1664 me
500 1604 663 1666 Fortunae
677 1625 740 1666 non
755 1624 942 1683 responsare
956 1604 1124 1683 superbae.

359 1707 510 1787 Namque
523 1730 591 1788 ego,
605 1710 661 1789 qui
675 1710 775 1772 cecini
788 1710 948 1788 properati
962 1708 1079 1790 gaudia
1092 1708 1148 1770 leti

359 1814 524 1893 primaque
538 1816 686 1895 praecepi
701 1816 843 1877 mortalis
857 1835 991 1876 munera
1003 1814 1089 1875 vitae

359 1919 440 1980 scire
454 1922 545 1995 mori,
561 1922 678 2000 quibus
692 1922 812 1999 aspicio
825 1922 889 1983 iam
904 1921 1051 1982 sensibus
1065 1920 1133 1997 ipse

358 2024 507 2087 instantis
521 2027 635 2088 faciem
650 2028 785 2089 mortis?
807 2047 870 2105 qua
886 2036 992 2087 mente
1007 2044 1188 2103 supremam

358 2132 463 2192 ordior
477 2133 523 2193 ire
538 2133 647 2193 viam?
670 2133 765 2194 timor
779 2142 837 2207 est,
852 2153 894 2193 an
908 2142 1000 2212 grata
1013 2129 1187 2192 voluntas?

357 2237 546 2317 degenerem
561 2240 666 2316 patiar
681 2241 849 2300 Lucanum
863 2239 968 2300 dicere
982 2246 1102 2318 gentes

357 2342 492 2403 fortibus
506 2352 538 2405 et
551 2344 658 2405 verbis
672 2365 735 2405 non
749 2345 818 2422 ipse
832 2344 997 2406 interritus
1010 2343 1126 2403 addam

356 2449 469 2510 fortem
484 2450 626 2511 animum
638 2452 650 2511 ?
694 2451 837 2525 Dmidis,
853 2452 990 2512 Arctoae
1003 2449 1134 2510 vatibus
1147 2467 1231 2521 orae,

356 2556 483 2617 credere
497 2543 610 2617 vellem
626 2557 773 2635 equidem
788 2559 957 2618 tenebrosa
972 2554 1165 2633 negantibus
1179 2553 1309 2615 umbras

355 2681 509 2739 quaerere
523 2682 630 2741 regna,
645 2664 708 2724 alio
722 2665 778 2726 sed
793 2664 901 2726 vivere
915 2682 1024 2724 rursus
1038 2662 1071 2721 in
1085 2662 1172 2722 orbe.

354 2767 417 2827 illis
432 2788 516 2829 mors
530 2769 634 2830 media
649 2782 716 2841 est3
737 2771 818 2849 regit
832 2771 915 2830 idem
931 2768 1060 2846 spiritus
1074 2777 1163 2829 artus

354 2882 386 2934 et
400 2874 544 2935 ducenda
559 2876 675 2935 iterum
689 2876 776 2937 vitae
790 2874 971 2936 subtemina
987 2871 1109 2935 Parcis.

355 2979 480 3058 Quodsi
495 2981 620 3040 animae
635 2981 748 3041 vivunt
762 2990 959 3059 pereuntque
973 2980 1131 3040 cadavera
1146 2976 1248 3039 solum

353 3086 471 3145 cedant
485 3093 637 3158 terrores;
660 3086 771 3146 mortis
785 3096 890 3147 metus
904 3086 1008 3146 omnis
1023 3084 1120 3146 abito.

355 3194 413 3256 Sin
427 3194 591 3254 hominum
606 3194 685 3254 nulli
699 3193 835 3256 fatorum
851 3214 967 3255 arcana
982 3214 1109 3255 movere

354 3299 403 3360 fas
416 3301 520 3372 datur,
535 3301 700 3380 ignarique
714 3302 756 3362 ad
771 3310 904 3362 mortem
919 3301 1061 3381 cogimur
1075 3318 1187 3360 omnes

352 3406 602 3484 caelicolumque
615 3408 727 3484 inopes
740 3408 845 3468 factae
858 3408 901 3469 ad
915 3406 1050 3468 ludibria
1065 3425 1180 3485 pupae,

353 3530 417 3572 non
431 3512 521 3573 locus
534 3513 586 3573 ille
602 3521 723 3585 metus;
746 3512 849 3591 magis
863 3512 1051 3574 admiranda
1065 3512 1159 3573 deum
1173 3510 1233 3572 vis.

328 3647 335 3653 ·
394 3617 423 3678 O
438 3618 522 3678 bona
539 3618 698 3691 Libertas,
714 3619 903 3679 morientem
917 3619 1000 3679 hanc
1015 3618 1125 3695 accipe
1139 3616 1259 3689 vitam;

352 3732 455 3801 prote
469 3724 641 3802 pugnavit:
664 3724 723 3785 tibi
737 3744 823 3785 nunc
837 3745 873 3786 se
887 3724 1032 3797 dedicat;
1054 3732 1087 3785 at
1102 3732 1149 3799 tu,
