3459 5092
881 1018 901 1083 8

388 1185 510 1267 quippe
524 1188 624 1261 iuvat,
639 1188 825 1267 gaudesque
837 1188 923 1249 viam
938 1188 1051 1250 fecisse
1065 1187 1157 1250 ruina

390 1292 590 1372 Bistoniique
604 1293 694 1355 nefas
707 1292 836 1355 foedum
849 1313 999 1372 superare
1014 1292 1150 1373 tyranni.

391 1401 564 1479 Imperium
579 1422 727 1464 exercere
740 1412 835 1481 putas
848 1402 1032 1464 imbellibus
1047 1403 1137 1464 Indis

389 1517 446 1570 aut
460 1510 579 1570 servire
593 1509 652 1588 tibi
667 1509 762 1571 Seras
776 1509 945 1571 mollemve
960 1510 1153 1587 Sophenen?

390 1615 505 1689 Roma,
520 1615 666 1692 placetne
679 1616 743 1675 tuis
758 1614 852 1675 talem
869 1616 1085 1692 penetralibus
1098 1614 1171 1675 imis

387 1721 548 1782 inmisisse
562 1721 671 1781 luem?
694 1741 793 1799 regno
806 1740 973 1798 semperne
987 1720 1126 1782 nefando

389 1827 547 1887 servitura
561 1845 677 1905 graves
690 1826 823 1905 patiere,
839 1825 1025 1899 miserrima,
1041 1826 1167 1887 fastus?

388 1952 489 2012 usque
503 1933 624 1994 adeone
638 1932 761 2005 humili,
776 1939 902 1994 tantum
917 1932 1082 1993 dominata
1096 1951 1152 2008 per
1167 1950 1292 2005 aevum,

388 2038 542 2100 manseris
555 2038 718 2117 obsequio,
733 2038 861 2099 virtutis
875 2046 907 2098 et
922 2037 1078 2098 inmemor
1091 2037 1156 2098 irae
1168 2036 1181 2095 l

387 2164 451 2205 non
466 2145 529 2216 ita;
552 2164 690 2223 namque
703 2143 764 2205 etsi
779 2143 897 2204 multos
912 2144 1055 2204 Fortuna
1068 2152 1218 2203 nocentes

387 2258 493 2311 servat
507 2258 538 2310 et
552 2250 584 2309 in
599 2268 685 2310 seras
698 2249 816 2328 gaudet
831 2248 955 2309 differre
970 2247 1080 2308 ruinas

387 2374 471 2433 pone
484 2364 594 2415 tamen
608 2354 769 2433 sequitur:
792 2354 897 2415 subita
914 2373 986 2414 mox
1002 2354 1134 2414 verbera
1148 2354 1261 2415 dextra

385 2460 575 2521 incumbens
589 2459 735 2521 miscebit
750 2469 842 2520 atrox
856 2467 888 2520 et
902 2459 1036 2519 crimina
1051 2468 1142 2536 coget

386 2567 532 2644 pendere.
577 2567 651 2626 Non
666 2564 793 2626 dabitur
808 2566 936 2626 demum
951 2564 1019 2639 tibi,
1036 2565 1181 2643 pessime,
1197 2564 1254 2627 tati

386 2675 536 2754 effugium
550 2696 557 2735 :
579 2684 700 2736 restant
715 2675 897 2754 Furiaeque
911 2684 1088 2753 parataque
1102 2674 1214 2751 poenis

385 2782 525 2862 agmina.
570 2783 656 2842 Nam
670 2801 764 2842 casus
779 2801 869 2842 mens
882 2780 1058 2842 vaticinata
1073 2780 1197 2841 futuros

385 2887 452 2949 alta
465 2888 554 2965 petit,
570 2887 720 2966 longique
733 2906 791 2964 per
805 2886 879 2947 avia
893 2886 1047 2964 temporis
1061 2906 1169 2947 errans

384 2992 530 3054 cursibus
544 2992 695 3053 extremis
709 2991 847 3053 fatorum
860 3012 977 3053 arcana
993 2992 1132 3053 resolvit.

386 3096 603 3157 Eumenidum
617 3105 726 3158 torvas
739 3096 837 3157 facies
851 3116 1045 3175 saevamque
1059 3094 1185 3175 flagello

384 3200 582 3278 Tisiphonen
597 3201 701 3275 video,
716 3201 892 3280 villosaque
905 3201 986 3262 colla
1000 3200 1138 3262 colubris

386 3307 706 3385 Oedipodioneasque
722 3307 808 3368 vices
822 3307 993 3385 vetitisque
1008 3308 1193 3386 hymenaeis

384 3412 588 3492 supplicium.
631 3412 746 3475 Furias
760 3412 869 3474 insons
885 3414 1043 3491 Pelopeus
1058 3413 1189 3475 Orestes

383 3517 465 3596 fugit
480 3530 643 3579 maternae
657 3528 815 3581 sectantes
829 3519 963 3581 crimina
976 3518 1105 3580 mortis:

382 3623 436 3684 ille
450 3623 581 3703 quidem
594 3624 721 3684 veniam
736 3634 873 3686 nanctus
886 3625 1076 3704 culpamque
1090 3624 1210 3703 piavit;

383 3730 503 3809 quippe
517 3739 646 3792 auctore
660 3730 722 3792 deo
735 3731 923 3792 sceleratum
939 3730 1227 3809 attingerefactum
