3459 5092
372 1749 564 1815 POETAE
596 1748 780 1815 LUCANI
814 1745 1087 1811 MORIENTIS
1120 1744 1314 1811 ORATIO.

343 1973 449 2031 Arum
463 1971 557 2050 longa
571 1977 696 2029 tacent:
719 1977 844 2029 tantum
860 1966 931 2027 fons
945 1966 1096 2044 limpidus
1110 1966 1206 2027 undis

342 2086 519 2137 murmurat
533 2074 666 2153 egelidis
680 2074 806 2151 lenique
820 2073 946 2133 silentia
959 2073 1050 2149 lapsu

341 2182 478 2259 rumpit:
501 2191 601 2259 agunt
616 2180 745 2240 dubiam
761 2179 824 2238 iam
840 2178 944 2255 prima
958 2177 1143 2255 crepuscula
1159 2186 1286 2238 noctem

341 2297 494 2366 transque
508 2286 726 2364 pavimentum
741 2294 922 2345 crescentes
936 2284 1079 2361 vesperis
1094 2284 1226 2344 umbrae

343 2394 459 2455 sensim
476 2399 667 2471 prorepunt;
690 2398 762 2468 post
777 2410 904 2451 summa
917 2390 1083 2451 cacumina
1100 2390 1251 2451 Phoebus

324 2519 328 2528 J
343 2500 458 2560 imbuit
473 2498 608 2575 illapsus
622 2496 712 2575 pacis
725 2496 893 2557 dulcedine
908 2497 1042 2556 caelum.

344 2605 463 2667 Omnia
477 2603 680 2682 tranquillam
695 2611 821 2663 cessant
836 2610 1004 2679 composta
1018 2621 1074 2679 per
1089 2602 1211 2663 urbem.

385 2713 429 2771 At
443 2709 554 2788 procul
568 2709 601 2769 in
615 2708 692 2769 tecti
707 2708 926 2786 penetralibus
941 2708 1008 2784 ipse
1023 2708 1189 2768 domorum

344 2826 507 2878 tantarum
521 2815 681 2886 dominus
696 2814 752 2875 sed
766 2834 842 2873 mox
856 2833 1005 2873 cessurus
1019 2813 1061 2872 ab
1075 2812 1146 2885 illis,

344 2922 400 2983 leti
414 2922 535 2982 aditum
551 2929 733 2997 exspectat:
756 2920 857 2979 multa
873 2918 938 2979 lore
953 2932 1062 2979 manat
1077 2918 1109 2978 in
1124 2919 1227 2980 undas

345 3026 488 3105 sanguis,
503 3035 535 3087 et
551 3026 693 3086 invalido
706 3024 855 3085 discurrit
870 3025 935 3085 vita
951 3033 1068 3085 meatu.

346 3134 563 3195 Circumstant
578 3131 754 3203 dominum,
768 3130 924 3190 fidissima
938 3138 1076 3207 pectora,
1092 3130 1176 3191 servi

346 3237 454 3318 exigui
468 3257 602 3298 numero
615 3256 697 3316 quos
710 3245 766 3297 aut
781 3234 947 3297 benefacta
962 3236 1099 3316 ligarant

347 3354 403 3407 aut
418 3363 518 3404 amor.
561 3344 604 3403 At
619 3341 758 3421 reliquos
772 3340 898 3402 fortuna
912 3341 1098 3421 instansque
1113 3342 1242 3421 tyranni

347 3457 502 3513 terruerat
516 3448 620 3509 rabies
635 3447 839 3526 trepidosque
853 3455 1003 3524 exegerat
1017 3447 1107 3507 aula:

347 3558 381 3617 hi
394 3562 561 3618 remanent
576 3573 749 3631 casumque
764 3552 863 3613 animi
878 3552 1069 3613 miserantur
1083 3551 1239 3630 iniquum.

349 3663 408 3724 Ille
421 3661 524 3723 oculis
538 3660 628 3738 proni
642 3659 809 3738 pereuntia
822 3658 943 3718 lumina
958 3657 1034 3718 solis

348 3767 454 3829 haurit
468 3774 500 3828 et
514 3765 686 3845 exsanguis
700 3764 777 3826 dum
792 3762 912 3825 sensim
925 3762 1058 3843 languor
1073 3762 1191 3825 inertes

731 4161 1002 4271 151039
