3459 5092
847 1003 868 1069 6

355 1172 452 1245 alma,
467 1172 557 1234 fave:
580 1192 663 1251 quos
677 1173 728 1233 vis
740 1181 875 1235 ventura
887 1173 921 1233 in
936 1174 1064 1235 saecula
1079 1194 1198 1235 sacras.

357 1278 490 1341 Certum
504 1287 573 1340 erat
587 1286 728 1355 ereptam
744 1278 867 1355 patriae
881 1288 922 1351 te,
938 1279 1041 1341 dulcis
1055 1280 1171 1359 imago,

356 1384 507 1445 reddere:
528 1384 638 1462 religio
652 1384 709 1445 sed
723 1404 813 1463 spem
827 1393 1033 1462 praepostera
1046 1386 1132 1457 lusit,

357 1491 455 1563 Piso,l
467 1491 625 1568 timorque
639 1499 714 1550 tuus
729 1510 874 1551 mensam
888 1490 1015 1552 foedare
1029 1511 1140 1552 cruore

356 1596 500 1674 hospitis.
541 1597 634 1657 Anne
648 1617 758 1657 necem
774 1618 937 1676 nunquam
953 1598 1076 1659 sancire
1089 1599 1218 1677 tyranni

357 1723 493 1783 magnus
507 1722 596 1764 amor
610 1702 734 1780 patriae
748 1703 833 1764 valet
848 1713 879 1765 et
894 1704 1020 1780 placare
1034 1704 1165 1765 deorum

356 1808 512 1869 numina?
555 1809 718 1869 Fortunae
732 1829 805 1869 cum
820 1810 953 1888 pignora
968 1818 1058 1871 tanta
1073 1811 1224 1885 dedisses,

357 1914 493 1993 denique
505 1914 539 1974 in
554 1915 614 1975 hoc
628 1914 673 1973 illi
687 1915 819 1975 nolebas
833 1917 973 1988 credere,
990 1916 1088 1977 Piso?

358 2021 520 2083 Scandere
533 2029 636 2081 rostra
650 2020 710 2080 fori
723 2021 929 2099 trepidosque
943 2023 1025 2083 ciere
1041 2023 1182 2101 Quirites

356 2134 389 2187 et
402 2135 526 2188 tantam
540 2128 658 2205 populo
672 2147 760 2204 spem
776 2128 973 2189 commisisse
988 2129 1148 2189 timebas?

356 2233 531 2311 degeneres
544 2233 623 2293 adeo
638 2234 708 2306 visi,
722 2243 754 2293 te
768 2233 883 2307 iudice,
899 2234 1008 2295 cives?

357 2338 484 2417 singula
496 2339 573 2417 quid
588 2340 783 2400 memorem?
806 2347 968 2399 tantorum
983 2359 1083 2401 causa
1096 2341 1253 2402 malorum

358 2445 534 2506 Scaevinus
548 2446 712 2522 trepidans
726 2455 757 2507 et
772 2447 855 2507 servi
869 2446 978 2524 lingua
991 2447 1104 2508 dolosi.

357 2552 472 2613 occidit
486 2561 518 2613 et
532 2552 673 2614 Senecae
688 2552 790 2630 pietas
804 2560 901 2630 atque
915 2552 1024 2613 irritus
1039 2555 1132 2615 ardor

359 2658 502 2735 Sulpicii,
520 2658 736 2737 Proculusque
750 2668 782 2719 et
797 2658 937 2719 Scaurus
952 2659 993 2719 ad
1008 2660 1116 2720 omnia
1130 2668 1306 2739 promptus,

359 2764 465 2824 audax
479 2763 597 2823 interiit
613 2764 744 2835 Flavus,
760 2763 919 2842 periitque
934 2774 1063 2825 senator

360 2868 545 2941 Scaevinus,
561 2888 620 2928 nec
634 2868 814 2928 inornatam
828 2877 860 2929 te
874 2888 952 2929 voce
967 2869 1067 2931 silebo

358 2974 572 3052 virtutemque
585 2981 685 3045 tuam,
701 2974 837 3045 mulier,²
850 2982 1055 3051 mentemque
1070 2995 1220 3052 capacem

358 3080 480 3152 secreti,
496 3079 725 3157 indignumque
738 3078 834 3139 fidem
848 3088 1040 3157 postponere
1054 3082 1151 3142 vitae.

358 3186 507 3247 tormenti
521 3185 638 3265 rigidas
651 3184 926 3262 incorruptissima
941 3185 1024 3247 vires

359 3292 509 3353 sustinuit
523 3291 727 3369 tandemque,
741 3310 800 3351 sua
815 3311 855 3351 ne
870 3292 995 3353 tradere
1008 3312 1190 3370 quenquam

424 3422 434 3456 1
450 3423 569 3479 Tacitus,
580 3422 681 3471 Annals
690 3423 758 3479 XV..
770 3436 810 3483 52.
847 3429 864 3450 ‘⁴
874 3424 899 3471 It
911 3437 966 3471 was
977 3429 1038 3472 next
1050 3423 1182 3488 proposed
1191 3431 1219 3474 to
1228 3424 1370 3475 strilrethe

358 3498 429 3550 blow
439 3498 518 3548 when
528 3498 575 3548 the
586 3500 717 3563 Emperor
728 3513 784 3547 was
795 3505 822 3547 at
835 3514 852 3548 a
863 3499 967 3563 private
978 3499 1041 3549 villa
1052 3498 1082 3549 oi
1093 3500 1178 3550 Piso’s
1189 3516 1193 3550 :
1212 3501 1291 3564 again
1302 3500 1366 3551 Piso

359 3575 461 3626 refuses
473 3584 501 3625 to
513 3576 611 3626 violate
622 3576 668 3625 the
679 3575 744 3625 laws
755 3574 784 3625 ol
794 3576 958 3641 hospitality.
968 3591 985 3625 a
996 3576 1070 3641 piece
1082 3576 1112 3627 of
1121 3578 1264 3627 sentiment
1276 3578 1364 3630 which

358 3653 387 3703 in
396 3654 463 3703 such
474 3668 491 3702 a
502 3660 598 3703 matter
606 3668 656 3703 can
665 3652 761 3717 hardly
769 3654 912 3704 command
921 3668 970 3703 our
979 3658 1108 3719 respect.''
1128 3656 1264 3714 Merivale,
1272 3655 1315 3706 ch.
1323 3670 1363 3719 53.

426 3733 437 3765 ²
454 3731 603 3797 Epicharis.
