3459 5092
887 1067 908 1132 4

396 1226 486 1281 artus
499 1227 654 1293 attenuat,
669 1240 742 1280 cum
757 1219 821 1280 iam
837 1219 1006 1298 frigescere
1021 1222 1119 1281 sensit

395 1326 536 1403 corporis
550 1334 703 1399 extrema,
719 1327 801 1386 hanc
816 1326 941 1387 suffecit
957 1336 1085 1403 pectora
1099 1328 1230 1405 pulsans

396 1430 526 1508 spiritus
540 1431 573 1491 in
587 1452 700 1493 vocem
715 1441 747 1492 et
761 1432 900 1493 moriens
914 1434 992 1493 haec
1009 1433 1119 1493 ultima
1134 1434 1231 1494 dixit:

396 1537 576 1599 “Auctoris
590 1546 739 1598 revocata
755 1537 804 1597 sui
819 1538 864 1597 sic
879 1538 1021 1599 carmina
1037 1538 1103 1600 fato

396 1643 641 1706 conveniunt—‘
653 1643 771 1722 Ruptis
786 1644 918 1721 sanguis
932 1645 1017 1705 cadit
1032 1645 1172 1723 undique
1187 1646 1286 1720 venie,

396 1747 623 1828 discursusque
635 1749 763 1811 animae
777 1749 905 1809 diversa
919 1750 952 1809 in
968 1753 1110 1812 membra
1124 1752 1260 1813 meantis

396 1854 592 1934 interceptus
605 1854 715 1933 aquis;
738 1854 855 1915 nullius
870 1855 936 1915 vita
952 1857 1107 1935 perempti

396 1970 445 2022 est
459 1969 549 2021 tanta
564 1960 696 2022 dimissa
709 1960 779 2031 via;
801 1980 876 2037 pars
892 1961 1004 2021 ultima
1019 1952 1122 2023 trunci

396 2068 528 2129 tradidit
543 2067 576 2127 in
590 2067 690 2127 letum
705 2086 824 2127 vacuos
839 2066 990 2127 vitalibus
1004 2076 1101 2129 artus.

397 2173 440 2233 At
454 2172 598 2233 tumidus
612 2192 675 2250 qua
689 2172 801 2251 pulmo
814 2172 908 2246 iacet,
924 2192 987 2251 qua
1003 2173 1126 2235 viscera
1141 2176 1264 2237 fervent

396 2278 567 2340 haeserunt
580 2278 625 2339 ibi
639 2277 705 2339 fata
720 2279 792 2350 diu;
813 2278 1001 2357 luctataque
1016 2280 1150 2341 multum
1225 2264 1229 2273 ’

396 2386 456 2446 hac
471 2404 544 2445 curn
559 2393 649 2462 parte
662 2384 723 2445 viri
737 2383 791 2445 vix
805 2384 912 2444 omnia
928 2386 1071 2445 membra
1085 2386 1225 2449 tulerunt
1236 2390 1301 2434 ’¹-

435 2490 521 2571 Quid
536 2510 587 2551 me
600 2490 741 2568 ploratis,
756 2490 840 2551 servi
852 2491 864 2550 i
888 2509 944 2550 cur
958 2490 1095 2568 amplius
1109 2512 1213 2572 aequo

395 2595 524 2658 fletibus
538 2596 711 2675 indulgetis
724 2595 884 2656 inaniter?
908 2596 993 2657 haud
1008 2616 1087 2674 opus
1102 2598 1164 2659 illis

396 2702 594 2780 compositae
608 2702 746 2780 speciem
760 2702 878 2763 mentis
892 2703 1021 2765 turbare
1036 2724 1180 2765 serenam

395 2808 560 2870 lamentis:
583 2808 682 2886 fugite
696 2808 780 2881 hinc,
795 2828 964 2887 rerumque
978 2810 1117 2873 instante
1132 2812 1222 2873 ruina

395 2935 454 2977 vos
468 2914 582 2975 saltem
596 2922 720 2975 servate
734 2914 827 2995 fuga:
850 2935 935 2975 nunc
949 2917 1056 2977 omnia
1070 2918 1170 2994 plenis

396 3023 539 3083 membra
553 3020 657 3083 fluunt
672 3021 781 3083 venis:
804 3030 907 3083 totum
923 3031 971 3083 est
985 3043 1042 3100 pro
1056 3025 1186 3085 vulnere
1201 3045 1326 3103 corpus,

395 3127 523 3206 iamque
537 3128 719 3189 ministeriis
733 3129 847 3189 vestris
861 3130 1011 3206 nulloque
1025 3130 1164 3191 cadaver

395 3233 516 3313 indiget
531 3233 701 3311 obsequio;
725 3242 851 3294 tanturn
865 3241 1025 3310 praestate
1040 3254 1223 3312 supremum

396 3338 533 3400 officium
548 3338 686 3411 domino,
702 3358 881 3416 corpusque
896 3359 1057 3417 exsangue
1073 3342 1218 3428 sepulcro

395 3445 533 3506 condite.
577 3445 663 3505 Cura
678 3444 756 3504 mihi
770 3446 838 3505 sola
852 3446 930 3506 haec
945 3446 977 3505 in
993 3456 1102 3520 morte,
1118 3442 1319 3527 peremptum

396 3570 437 3611 ne
450 3550 545 3612 liceat
559 3551 651 3613 foedo
665 3570 780 3628 corpus
794 3560 948 3612 temerare
962 3560 1109 3630 tyranno.

460 3693 470 3727 ¹
487 3695 580 3744 Phars.
593 3694 629 3744 iii.
641 3697 698 3757 639.
733 3694 822 3744 These
834 3694 901 3745 lines
911 3709 956 3743 are
968 3694 1025 3745 said
1037 3703 1065 3745 to
1077 3696 1146 3747 have
1161 3696 1228 3749 been
1245 3698 1344 3749 recited
1361 3698 1398 3763 by

396 3774 489 3826 Lucan
499 3771 578 3824 while
588 3772 712 3837 bleoding
723 3778 751 3823 to
761 3772 851 3823 death.
