3459 5092
823 1064 849 1130 7

331 1237 411 1280 voce
425 1228 591 1299 urgeretur
603 1218 761 1281 sociorum
775 1219 887 1293 invita,
903 1217 1016 1297 petivit

330 1325 460 1387 funibus
473 1325 622 1387 adductis
635 1334 780 1398 mortem,
794 1324 868 1404 quis
881 1324 990 1385 vincta
1004 1324 1147 1387 sedebat.

331 1432 522 1511 permissum
536 1443 585 1493 est
600 1440 779 1493 monstrare
792 1431 852 1492 tibi
865 1431 943 1510 quid
957 1430 1074 1491 femina
1088 1438 1198 1509 posset

331 1540 456 1612 durare,
470 1547 503 1600 at
519 1537 604 1600 Rufo
617 1538 766 1615 probrum
781 1546 938 1614 temptare
953 1556 1137 1613 supremum

331 1644 471 1724 quidque
486 1644 554 1705 viro
568 1652 675 1721 posset
690 1644 775 1704 vitae
789 1643 923 1704 suadere
937 1642 1053 1719 cupido

330 1752 468 1813 dedecus
482 1750 604 1828 optanti
619 1769 677 1827 pro
691 1749 758 1809 vita
773 1757 866 1826 turpe
880 1747 1011 1826 pacisci.

332 1856 478 1936 Urgebat
492 1875 612 1933 poenas
625 1854 735 1916 sociis:
757 1855 801 1915 nil
816 1854 932 1931 profuit
947 1853 1003 1915 ulli

330 1963 446 2041 pignus
460 1960 637 2022 amicitiae:
661 1960 718 2021 sed
732 1960 855 2021 cunctis
869 1959 1015 2021 conscius
1028 1959 1125 2021 index

329 2066 484 2147 principis
498 2066 625 2127 exacuit
639 2066 727 2126 nullo
741 2065 924 2126 discrimine
939 2066 1067 2125 ferrum.

331 2174 345 2234 Ι
362 2193 446 2234 nunc
460 2173 593 2233 insidias
607 2191 663 2249 pro
677 2172 824 2232 libertate
838 2182 975 2250 tyranno

328 2279 459 2350 instrue,
475 2277 641 2339 tormentis
654 2288 690 2337 ut
705 2297 778 2354 spes
791 2278 913 2337 inmota
926 2296 1092 2353 supremas

330 2384 499 2446 Libertina
513 2383 602 2445 urbis
615 2391 752 2454 tueatur,
769 2383 900 2443 vernula
913 2382 1027 2460 prodat
1040 2384 1046 2442 l

370 2492 398 2551 F
399 2500 452 2551 ata
467 2510 564 2550 manu
578 2490 714 2551 invitare
728 2489 827 2562 iuvat,
844 2489 1051 2567 studiosaque
1066 2489 1176 2550 mortis

328 2598 425 2658 corda
441 2616 533 2677 gero:
556 2596 757 2675 nequeenim
772 2596 948 2673 producere
962 2595 1087 2674 longius
1101 2615 1216 2657 aevum

328 2701 389 2764 fert
403 2704 530 2765 animus
543 2703 605 2763 nisi
618 2702 665 2762 uti
679 2710 792 2779 coepto
807 2701 904 2761 finem
919 2701 1037 2761 addere
1052 2700 1185 2779 possim.

329 2832 415 2874 nunc
428 2832 492 2873 non
506 2812 606 2872 finitis
621 2812 718 2892 (quod
732 2812 804 2889 quis
818 2811 926 2890 lugere
940 2810 1063 2872 vetabit
1074 2812 1107 2891 l)

329 2919 534 2992 carminibus
551 2918 625 2979 fatis
638 2918 784 2978 divorum
799 2917 948 2977 exclusus
962 2916 1090 2995 iniquis,

329 3025 451 3086 absisto
465 3044 647 3103 vacuasque
661 3043 756 3084 vocor
771 3023 904 3083 volitare
918 3021 979 3083 sub
993 3022 1133 3084 umbras.

330 3130 384 3193 Sic
398 3130 523 3208 species
536 3139 603 3190 tam
617 3129 705 3190 clara
718 3130 791 3201 ruit,
806 3128 852 3189 sic
867 3128 1003 3206 denique
1017 3136 1121 3189 cessat

330 3235 480 3297 Libertas
493 3243 625 3312 experta
638 3234 696 3295 feri
710 3233 868 3311 depellere
882 3234 971 3313 regni

329 3341 510 3403 servitium:
533 3340 565 3400 in
581 3340 686 3400 tenuis
700 3359 775 3417 spes
788 3348 880 3400 tanta
894 3338 1025 3400 evanuit
1041 3358 1136 3401 auras

328 3446 523 3525 numinaque
536 3446 696 3507 obsistunt
710 3456 741 3506 et
756 3444 949 3506 inexorabile
963 3444 1075 3505 fatum.

328 3551 451 3625 Vincis,
466 3552 641 3612 inhumana
655 3551 819 3612 maculosa
833 3550 965 3612 libidine
980 3550 1094 3625 Pestis,

330 3667 427 3736 atque
440 3656 638 3735 triumphata
651 3657 714 3718 iam
729 3657 877 3718 libertate
892 3656 1054 3734 superbis:

329 3762 424 3825 fortia
438 3771 486 3824 tot
500 3762 652 3824 damnare
665 3762 797 3842 indigna
810 3770 940 3840 pectora
953 3770 1056 3824 morte

531 4026 561 4057 Ο
