3459 5092
833 1040 854 1104 9

341 1211 439 1253 ausus
453 1200 531 1265 erat,
546 1190 704 1270 matrique
718 1189 805 1251 vices
819 1198 852 1251 et
865 1188 976 1250 debita
990 1187 1047 1249 fati

342 1298 475 1358 struxit:
498 1305 534 1358 tu
549 1296 640 1373 parili
654 1295 731 1356 fatis
744 1314 827 1368 reus,
841 1295 986 1373 inprobe,
1002 1312 1086 1354 noxa

343 1422 452 1481 sospes
466 1404 572 1465 adhuc
586 1402 677 1463 vadis
691 1421 866 1479 sperasque
880 1402 999 1479 inpune
1013 1399 1145 1460 deorum

343 1528 435 1587 posse
450 1517 641 1586 potestatem
656 1506 816 1568 contemni
831 1522 1011 1583 arcanaque
1025 1505 1111 1565 iura:

343 1633 418 1693 ergo
432 1614 551 1691 inpune
566 1633 689 1675 sacram
704 1612 881 1673 maculabis
896 1610 1051 1690 sanguine
1067 1611 1203 1671 Romam

344 1740 404 1782 nec
419 1722 555 1793 solvent,
571 1721 734 1793 scelerate,
749 1718 862 1780 incesti
878 1718 987 1779 debita
1000 1717 1128 1778 tandem

342 1826 531 1887 concubitus
545 1826 693 1903 caesique
707 1835 815 1902 patres
827 1825 839 1884 l
883 1824 987 1885 Roma
1001 1822 1112 1885 arserit
1126 1820 1217 1899 igni?

343 1932 468 2009 Inpune
481 1932 682 2004 immodicae,
696 1931 823 2003 furiose,
837 1929 1008 1990 indulseris
1022 1928 1088 1989 irae
1101 1928 1113 1989 l

383 2038 465 2117 Quis
479 2039 588 2098 credat
603 2056 735 2117 regnare
751 2037 858 2097 Iovem
874 2037 886 2096 i
910 2036 982 2114 quis
996 2034 1141 2113 supplice
1155 2040 1230 2093 voto

342 2143 474 2203 numina
488 2143 610 2221 digna?
633 2143 722 2203 cavis
736 2142 805 2203 elisi
820 2140 959 2202 nubibus
973 2140 1063 2218 ignes

341 2248 506 2309 inmeritas
520 2247 637 2309 feriunt
651 2267 798 2327 quercus,
814 2249 972 2326 culpaque
986 2253 1139 2308 vacantes

341 2352 491 2415 fluctibus
505 2354 537 2413 in
553 2352 666 2413 mediis
680 2373 780 2414 naves
793 2352 879 2413 ferus
893 2352 998 2413 obruit
1013 2352 1147 2413 Auster:

341 2458 404 2530 hic,
418 2478 568 2536 superum
584 2467 718 2537 spretor,
734 2458 864 2519 sceleris
879 2456 1014 2537 vestigia
1028 2464 1133 2518 servat

341 2564 526 2625 incolumis:
547 2564 625 2643 quin
639 2564 702 2623 iam
718 2564 873 2642 peccandi
887 2571 998 2641 peccat
1013 2582 1131 2624 amore.

343 2669 517 2730 Mentimur
531 2689 642 2730 curare
656 2669 733 2730 deos
748 2668 913 2730 mortalia:
936 2668 1049 2747 quodsi

341 2783 416 2837 vota
431 2776 539 2836 valent
554 2775 782 2854 hominumque
797 2774 963 2835 advertere
977 2773 1144 2853 questibus
1158 2793 1252 2835 aures

341 2873 409 2955 vos,
423 2881 541 2959 superi,
557 2881 656 2954 scitis,
671 2881 808 2959 gemitus
822 2881 932 2941 audite
946 2900 1128 2959 precesque,

341 3006 527 3065 oppressam
543 2995 687 3065 spectate
700 2988 822 3059 urbem,
838 2986 1006 3066 discatque
1021 2995 1177 3066 tyrannus

341 3114 412 3155 esse
426 3093 503 3154 deos
517 3101 549 3153 et
563 3092 630 3154 fata
643 3092 731 3153 vices
745 3100 913 3170 sumptura
928 3100 1095 3154 merentes.

343 3199 457 3261 Credis
472 3200 625 3261 Oresteae
638 3208 751 3259 nutare
766 3198 891 3259 ultricia
906 3200 1018 3275 culpae

342 3304 484 3378 numina,
499 3324 559 3364 nec
573 3304 671 3382 capiti
685 3303 995 3381 superimpendentia
1011 3303 1076 3365 fata

342 3410 483 3487 respicis.
527 3410 699 3470 Humanae
713 3409 811 3470 debes
825 3410 961 3470 ludibria
976 3409 1064 3489 genti

342 3516 394 3576 cui
408 3524 475 3577 tota
490 3515 522 3575 in
538 3516 616 3577 vitio
630 3523 773 3576 versetur
787 3515 864 3577 vita.
908 3514 1081 3577 Tumultus

342 3630 374 3682 et
388 3622 570 3683 coniuratas
583 3622 678 3683 video
692 3622 725 3681 in
739 3629 794 3681 tua
809 3620 921 3683 funera
934 3622 1016 3682 sicas

342 3737 375 3790 et
389 3728 613 3805 proturbatum
627 3726 713 3789 celsa
726 3726 766 3789 de
780 3727 856 3789 sede
871 3735 1053 3807 tyrannum.
